2805 3284
208 109 257 172 ιι)Ἰ

161 316 162 319 ι
210 275 269 312 esse
290 245 433 331 potuerit,
466 262 571 324 deinde
580 260 646 314 vero
666 260 816 339 consensus
835 224 1002 313 interillos
1002 260 1166 330 scriptores
1176 282 1289 335 conspr

156 341 158 343 ’
212 349 282 384 cuns
311 336 410 400 efficit,
451 341 482 393 ut
507 321 595 393 aliud
603 332 684 403 quid
693 331 801 400 eorum
823 321 1005 383 sententiae
997 352 1087 394 messe
1112 351 1281 388 censeamus.

211 403 372 463 Traditioue
392 406 483 473 aliqua
500 406 543 454 usi
564 423 623 455 esse
643 389 790 468 videntur,
820 422 903 474 quac
911 405 1009 455 Vetere
1030 405 1221 462 Testamenta
1227 426 1283 456 non
1348 423 1352 434 ¹

211 478 377 525 continetur.
440 476 500 526 Lex
517 466 564 526 illa
586 477 620 527 de
641 478 713 547 agris
737 474 885 527 reddendis
912 482 997 546 quum
1011 465 1183 540 ditioribus,
1216 477 1283 530 lati-

208 538 307 596 fundia
325 541 534 612 affectantibus,
569 550 653 599 nimis
673 549 786 611 molesta
805 567 864 599 esse
881 550 1033 616 coepisset,
1069 548 1144 598 addit
1134 541 1282 599 termentum

208 614 307 667 ill'ud'
299 621 439 670 micuisse
459 619 606 689 videntur,
630 620 704 692 quod
725 608 904 684 difficiliorem
924 619 1050 670 redderet
1061 619 1205 688 eJusmodr
1216 638 1282 697 pau·
1299 621 1309 625 ⁹

209 706 308 754 perum
325 693 547 758 restitutionem
574 692 651 765 unde
671 679 751 748 facile
768 680 832 743 fieri
849 695 982 760 potuit,
985 698 1017 767 ut
1035 709 1079 764 res
1095 692 1218 742 maxime
1240 709 1281 741 sa·

206 758 306 812 lutaris
323 781 389 814 mox
407 782 523 831 prorsus
539 729 570 813 in
574 755 757 828 ohlivIoncm
778 763 903 834 caderet.
980 772 982 774 ’
1006 775 1007 778 ’
1062 774 1065 781 “

401 991 403 997 ι
451 929 480 1001 g.
502 927 555 981 54.
579 892 716 982 'Aedium
732 929 931 980 vendendorum
950 920 1028 982 ratio}

250 1042 465 1109 Sequiturr.
488 1037 620 1089 ιιι-54.
643 1040 690 1090 lex
709 1038 752 1089 de
763 1037 914 1089 aedibus
897 1038 1063 1105 reddendis,
1086 1058 1156 1109 quae
1173 1040 1284 1114 eodem,

186 1120 263 1180 'quo
284 1112 330 1178 lex
348 1112 395 1162 illa
415 1114 538 1181 agraria,
561 1110 623 1162 data
597 1118 700 1173 test,
723 1110 849 1161 consilio.
887 1110 1008 1160 Aedes
1000 1130 1031 1159 111
1050 1111 1157 1179 oppidis
1177 1115 1280 1163 moeni-¹
1299 1154 1300 1157 ,

205 1182 275 1232 bus
284 1185 381 1234 cinctis
402 1185 469 1234 sitae
490 1202 575 1254 quum
596 1202 653 1233 uon
672 1190 726 1232 tam
747 1182 782 1231 ad
800 1181 907 1231 firmam
928 1174 1112 1232 israelitarum
1127 1186 1281 1304 possessip-

208 1272 273 1304 nem
297 1257 487 1345 pertinerent,
529 1261 610 1322 quam
630 1255 709 1322 agri,
750 1255 781 1302 in
806 1251 914 1320 quibus
928 1252 1070 1321 cujusque
1082 1243 1204 1303 familiae
1226 1256 1289 1304 rita

208 1328 287 1395 quasi
304 1328 391 1392 posita
413 1332 487 1388 erat,
530 1324 576 1374 sed
603 1325 707 1373 artibus
731 1324 818 1390 magis
836 1330 917 1390 atque
938 1325 1108 1373 commercIo
1120 1325 1298 1397 exercendis,

205 1398 388 1460 inservirent,
424 1403 530 1446 autsta
517 1397 587 1447 atim
599 1397 671 1444 intra
691 1396 756 1444 anni
776 1393 845 1443 fines
866 1385 1039 1444 redimendae
1053 1402 1155 1470 erapt,
1187 1393 1279 1446 autin

205 1487 251 1536 pe1
241 1487 302 1536 repe
292 1476 369 1518 tuum
403 1466 552 1517 emtoribus
578 1465 783 1517 addicebantur.
829 1463 929 1548 Quod
956 1464 1129 1534 negotiemini
1157 1464 1279 1518 civilium

205 1558 287 1592 causa
308 1541 424 1589 maxime
446 1556 515 1607 opus
536 1547 614 1602 erat,
655 1546 687 1587 ιιι
712 1536 831 1596 artifices
844 1537 932 1618 periti
956 1536 990 1585 ex
1014 1536 1051 1586 ιι
1041 1545 1097 1586 eia
1116 1540 1146 1586 ιιι
1167 1536 1279 1590 alteram

169 1642 173 1646 v·
204 1610 302 1662 urbem
323 1612 442 1679 migrare
463 1617 592 1677 possent,
618 1617 704 1676 utque
721 1608 894 1675 peregrinis,
928 1625 978 1674 per
998 1626 1067 1675 quos
1088 1614 1280 1660 commercium
1306 1648 1321 1672 ,¹

205 1683 268 1733 licii
288 1681 440 1745 solebat,
432 1700 463 1730 m
481 1679 634 1730 Palaestina
651 1697 713 1740 suas
733 1677 792 1727 sibi
807 1677 902 1726 domos
913 1695 1076 1749 comparare
1083 1679 1191 1730 liceret
1204 1682 1239 1752 l).

285 1754 392 1805 Domus
413 1758 479 1802 cont
481 1769 509 1800 ra
532 1749 571 1820 (v
594 1748 657 1819 el.)
679 1767 759 1799 rure
780 1750 848 1797 sitae
876 1766 974 1831 neque
991 1746 1136 1799 maenibus
1161 1754 1278 1818 cinctae,

190 1824 241 1875 'ad
266 1825 392 1893 negotia
342 1822 502 1873 turbana
527 1839 584 1871 uon
609 1821 739 1905 idoneae,
780 1837 896 1902 puerum
921 1819 980 1867 nisi
1000 1818 1035 1868 ad
1061 1822 1120 1888 agri
1144 1820 1200 1872 cul
1190 1830 1278 1875 uram
1305 1826 1308 1831 ’

202 1913 270 1947 usus
290 1894 390 1945 nullus
405 1903 481 1958 erat,
523 1892 572 1942 ab
566 1895 652 1961 agris
672 1892 794 1959 separari
814 1907 870 1938 non
890 1908 925 1959 po
927 1897 1033 1953 terant,
1073 1890 1184 1958 quibus
1192 1894 1278 1966 adnu-

202 1966 391 2018 merebantur.
427 1965 534 2036 Quare
553 1963 675 2036 eodem
663 1981 727 2031 Jure
748 1960 951 2044 vendebantur,
991 1961 1124 2012 redemtio
1145 1974 1277 2032 perpetua

204 2038 344 2088 venditori
361 2033 475 2105 ejusque
485 2030 701 2103 consanguineo
721 2034 846 2101 proximo
865 2034 997 2100 permissa
1016 2035 1090 2100 crat,
1113 2053 1184 2085 anno
1181 2035 1276 2138 jubi

203 2111 265 2162 laeo
284 2109 408 2181 pristinis
427 2107 544 2158 dominis
564 2107 789 2160 restituebantur
1268 2135 1269 2138 =

486 2275 515 2348 g.
537 2272 589 2327 55.
630 2270 843 2328 DeLeoiuuam
860 2271 989 2327 domibus.
1024 2299 1025 2302 ¹

279 2389 359 2456 Quae
384 2405 449 2437 vcro
470 2387 517 2436 dc
551 2387 709 2438 Leiitarum
734 2385 879 2446 {urbibus
890 2407 918 2439 v.
949 2387 990 2439 52
998 2388 1099 2441 -454,
1132 2391 1272 2475 leguntur,
1319 2454 1321 2457 y

200 2482 257 2515 non
277 2461 383 2531 injusto
406 2476 501 2509 eorum
528 2461 646 2524 partium
673 2458 765 2508 studio
788 2450 934 2511 constituta
960 2470 1044 2525 sunt,
1082 2461 1146 2511 sed
1160 2480 1194 2512 ex
1217 2464 1275 2530 ipsa
1325 2491 1327 2493 ·

199 2554 291 2586 rerum
319 2528 562 2582 naturarum
590 2548 681 2598 quum
694 2548 824 2601 agrorum
850 2540 953 2615 partem
974 2534 1087 2584 Levitae
1107 2550 1164 2581 non
1182 2524 1273 2586 lrabe-

200 2614 280 2669 rent,
318 2604 366 2655 sed
394 2622 429 2653 ex
458 2600 535 2651 data
556 2599 590 2652 ah
619 2603 715 2652 ceteris
739 2602 872 2653 Israelitis
901 2603 1005 2655 decima
1037 2605 1169 2653 frumenti
1198 2608 1322 2673 parte
1387 2597 1391 2600 .

200 2678 302 2727 victum
322 2675 471 2739 ducerent,
513 2672 622 2725 uulla'
614 2675 652 2725 ris
672 2673 752 2725 firma
779 2665 834 2725 fuit
852 2678 1013 2746 possessio,
1052 2674 1106 2724 nisi
1125 2673 1253 2726 domm
1244 2698 1274 2729 m

201 2750 330 2817 ipsorum
343 2746 474 2810 urbibus,
494 2744 623 2814 quibus'
615 2765 645 2794 ιιι
664 2750 828 2814 perpetuum
846 2746 946 2812 privati
960 2746 1050 2812 patria
1066 2753 1179 2814 prorsus
1199 2767 1272 2800 care·

199 2820 297 2870 bant.
336 2815 427 2898 Quare
447 2817 519 2865 idem
539 2834 633 2866 corum
650 2815 797 2867 urbibus
785 2833 833 2884 Jus
854 2815 1061 2886 concedendum
1066 2825 1171 2884 erat,
1182 2839 1220 2872 ac
1229 2840 1273 2873 ee·

198 2901 321 2979 terorum
342 2884 434 2957 agris:
465 2886 596 2939 redemtio
615 2896 644 2940 et
662 2890 728 2939 anni
743 2886 862 2983 Jubilaei
881 2888 1017 2955 remissio,

195 2999 473 3018 Μ

127 3041 131 3047 ·>
188 3126 189 3129 ,
233 3078 258 3134 1)
281 3078 319 3122 Cf.
337 3079 414 3154 Pei-po
436 3066 493 3140 pag.
512 3079 582 3127 1187.
